@book{abrahams99tex,
  author          = {Paul W. Abrahams and Karl Berry and Kathryn A. Hargreaves},
  title           = {{\TeX} for the Impatient},
  publisher       = {Addison-Wesley},
  year            = 1990,
}

@book{salomon1995advanced,
  author          = {David Salomon},
  title           = {The advanced {\TeX}book},
  address         = {New York},
  publisher       = {Springer},
  year            = 1995,
}

@inproceedings{yang2000general,
  title={General AIMD congestion control},
  author={Yang, Yang Richard and Lam, Simon S},
  booktitle={Proceedings 2000 International Conference on Network Protocols},
  pages={187--198},
  year={2000},
  organization={IEEE}
}

@misc{author2024performance,
  title = {Performance Evaluation of Different TCP Congestion Control Schemes in 4G System},
  author = {Author Name}, % 如果作者有的话
  year = {2024}, % 如果有出版年份的话
  howpublished = {\url{https://core.ac.uk/download/pdf/38090323.pdf}},
  note = {Accessed: 2024-11-26}
}

